<?xml version="1.0" encoding="UTF-8"?><collection xmlns="http://www.loc.gov/MARC21/slim"><record><leader>00347nam--2200133-i-4500</leader><controlfield tag="001">000041654</controlfield><controlfield tag="002">20161230</controlfield><controlfield tag="005">20161230201043</controlfield><controlfield tag="008">060222s1000------------r-----000-0-eng-d</controlfield><datafield ind1=" " ind2=" " tag="080"><subfield code="a">539.145</subfield></datafield><datafield ind1=" " ind2=" " tag="100"><subfield code="a">Simon,Barry</subfield></datafield><datafield ind1=" " ind2=" " tag="245"><subfield code="a">The p(o)2 euclidean (quantum) field theory</subfield></datafield><datafield ind1=" " ind2=" " tag="260"><subfield code="a">Princeton, Princeton Univ,Press, 1974. Xx+ 392 P</subfield></datafield><datafield ind1=" " ind2=" " tag="852"><subfield code="a">75820</subfield></datafield></record></collection>